[gd_scene load_steps=13 format=3 uid="uid://by1wt416jn01"]

[ext_resource type="Script" path="res://characters/player/Player.gd" id="1_8gllq"]
[ext_resource type="Texture2D" uid="uid://cpgx5toaupu17" path="res://assets/characters/farmer.png" id="2_ebwvo"]
[ext_resource type="Script" path="res://characters/player/InteractionArea.gd" id="3_573jo"]
[ext_resource type="Resource" uid="uid://i5ocfxksyl1f" path="res://objects/resources/types/poop.tres" id="4_akaa5"]
[ext_resource type="Resource" uid="uid://bq8nmh6kdd4sj" path="res://objects/resources/types/stone.tres" id="5_p3otx"]
[ext_resource type="Resource" path="res://objects/resources/types/fodder.tres" id="6_pfdsx"]
[ext_resource type="Script" path="res://characters/player/Inventory.gd" id="7_7l2ed"]
[ext_resource type="Resource" path="res://objects/resources/types/tractor-parts.tres" id="7_8ko5v"]
[ext_resource type="Texture2D" uid="uid://dymqckdsmqqwe" path="res://assets/ui/interact.png" id="7_t8m53"]
[ext_resource type="Resource" uid="uid://br38dhthutqax" path="res://items/resources/gold.tres" id="8_4y08j"]

[sub_resource type="RectangleShape2D" id="RectangleShape2D_1ul0j"]
size = Vector2(6, 16)

[sub_resource type="CircleShape2D" id="CircleShape2D_arvbb"]
radius = 13.0

[node name="Player" type="CharacterBody2D" groups=["Player"]]
collision_mask = 3
motion_mode = 1
script = ExtResource("1_8gllq")

[node name="CollisionShape2D" type="CollisionShape2D" parent="."]
position = Vector2(-1.81e-05, 5)
rotation = 1.5708
shape = SubResource("RectangleShape2D_1ul0j")

[node name="Sprite2D" type="Sprite2D" parent="."]
texture_filter = 1
position = Vector2(0, -8)
texture = ExtResource("2_ebwvo")

[node name="NavigationObstacle2D" type="NavigationObstacle2D" parent="."]
position = Vector2(0, 1)
radius = 10.0

[node name="InteractionArea" type="Area2D" parent="."]
collision_layer = 0
collision_mask = 6
script = ExtResource("3_573jo")
effected_nodes = Array[Resource("res://objects/resources/types/resource_node_type.gd")]([ExtResource("4_akaa5"), ExtResource("5_p3otx"), ExtResource("6_pfdsx"), ExtResource("7_8ko5v")])

[node name="UISprite" type="Sprite2D" parent="InteractionArea"]
z_as_relative = false
position = Vector2(12, -20)
texture = ExtResource("7_t8m53")

[node name="CollisionShape2D" type="CollisionShape2D" parent="InteractionArea"]
shape = SubResource("CircleShape2D_arvbb")

[node name="Inventory" type="Node" parent="."]
script = ExtResource("7_7l2ed")
resources = {
ExtResource("8_4y08j"): 0
}
