[gd_resource type="Theme" load_steps=8 format=3 uid="uid://dwgmh0djmmcff"]

[ext_resource type="Texture2D" uid="uid://da7ckrufbx1t8" path="res://assets/ui/theme/button-active.png" id="1_kyvtq"]
[ext_resource type="Texture2D" uid="uid://bxmhd1ma417pu" path="res://assets/ui/theme/button.png" id="2_17ya7"]
[ext_resource type="FontFile" uid="uid://k3vgjo088vka" path="res://assets/ui/theme/font.png" id="3_bbkpw"]

[sub_resource type="StyleBoxTexture" id="StyleBoxTexture_0u0yp"]
texture = ExtResource("2_17ya7")
texture_margin_left = 6.0
texture_margin_top = 6.0
texture_margin_right = 6.0
texture_margin_bottom = 6.0
modulate_color = Color(1, 1, 1, 0.498039)

[sub_resource type="StyleBoxTexture" id="StyleBoxTexture_3038s"]
texture = ExtResource("1_kyvtq")
texture_margin_left = 6.0
texture_margin_top = 6.0
texture_margin_right = 6.0
texture_margin_bottom = 6.0

[sub_resource type="StyleBoxTexture" id="StyleBoxTexture_x3uim"]
texture = ExtResource("2_17ya7")
texture_margin_left = 6.0
texture_margin_top = 6.0
texture_margin_right = 6.0
texture_margin_bottom = 6.0

[sub_resource type="StyleBoxTexture" id="StyleBoxTexture_47c0x"]
texture = ExtResource("2_17ya7")
texture_margin_left = 6.0
texture_margin_top = 6.0
texture_margin_right = 6.0
texture_margin_bottom = 6.0
expand_margin_left = 2.0
expand_margin_top = 2.0
expand_margin_right = 2.0
expand_margin_bottom = 2.0
modulate_color = Color(0.498039, 0.498039, 0.498039, 1)

[resource]
default_font = ExtResource("3_bbkpw")
Button/colors/font_color = Color(0.875, 0.875, 0.875, 1)
Button/colors/font_disabled_color = Color(0.875, 0.875, 0.875, 0.5)
Button/colors/font_focus_color = Color(0.95, 0.95, 0.95, 1)
Button/colors/font_hover_color = Color(0.95, 0.95, 0.95, 1)
Button/colors/font_hover_pressed_color = Color(1, 1, 1, 1)
Button/colors/font_outline_color = Color(1, 1, 1, 1)
Button/colors/font_pressed_color = Color(1, 1, 1, 1)
Button/colors/icon_disabled_color = Color(1, 1, 1, 0.4)
Button/colors/icon_focus_color = Color(1, 1, 1, 1)
Button/colors/icon_hover_color = Color(1, 1, 1, 1)
Button/colors/icon_hover_pressed_color = Color(1, 1, 1, 1)
Button/colors/icon_normal_color = Color(1, 1, 1, 1)
Button/colors/icon_pressed_color = Color(1, 1, 1, 1)
Button/constants/h_separation = 2
Button/constants/icon_max_width = 0
Button/constants/outline_size = 0
Button/font_sizes/font_size = 8
Button/styles/disabled = SubResource("StyleBoxTexture_0u0yp")
Button/styles/focus = SubResource("StyleBoxTexture_3038s")
Button/styles/hover = SubResource("StyleBoxTexture_3038s")
Button/styles/normal = SubResource("StyleBoxTexture_x3uim")
Button/styles/pressed = SubResource("StyleBoxTexture_3038s")
Panel/styles/panel = SubResource("StyleBoxTexture_47c0x")
